@inproceedings{lm,
 author = {Lafferty, John and Zhai, Chengxiang},
 title = {Document Language Models, Query Models, and Risk Minimization for Information Retrieval},
 booktitle = {Proceedings of the 24th Annual International ACM SIGIR Conference on Research and Development in Information Retrieval},
 series = {SIGIR '01},
 year = {2001},
 isbn = {1-58113-331-6},
 location = {New Orleans, Louisiana, USA},
 pages = {111--119},
 numpages = {9},
 acmid = {383970},
 publisher = {ACM},
 address = {New Orleans, Louisiana, USA},
} 

@phdthesis{hiemstraPhD,
 title={Using language models for information retrieval},
 author={Hiemstra, Djoerd},
 year={2000},
 school={University of Twente, Netherlands},
 url={http://eprints.eemcs.utwente.nl/6563/01/thesis.pdf}
}

@inproceedings{Ponte98,
 author = {Ponte, Jay M. and Croft, W. Bruce},
 title = {A Language Modeling Approach to Information Retrieval},
 booktitle = {Proceedings of the 21st Annual International ACM SIGIR Conference on Research and Development in Information Retrieval},
 series = {SIGIR '98},
 year = {1998},
 isbn = {1-58113-015-5},
 address = {Melbourne, Australia},
 pages = {275--281},
 numpages = {7},
 url = {http://doi.acm.org/10.1145/290941.291008},
 doi = {10.1145/290941.291008},
 acmid = {291008},
 publisher = {ACM}
} 

@article{jelinek,
 author = {Zhai, Chengxiang and Lafferty, John},
 title = {A Study of Smoothing Methods for Language Models Applied to Information Retrieval},
 journal = {ACM Trans. Inf. Syst.},
 issue_date = {April 2004},
 volume = {22},
 number = {2},
 month = apr,
 year = {2004},
 issn = {1046-8188},
 pages = {179--214},
 numpages = {36},
 url = {http://doi.acm.org/10.1145/984321.984322},
 doi = {10.1145/984321.984322},
 acmid = {984322},
 publisher = {ACM},
 address = {New York, NY, USA},
 keywords = {Dirichlet prior smoothing, EM algorithm, Jelinek--Mercer smoothing, Statistical language models, TF-IDF weighting, absolute discounting smoothing, backoff smoothing, interpolation smoothing, leave-one-out, risk minimization, term weighting, two-stage smoothing},
} 

@techreport{uglasgow.robust,
 author = {He, Ben and Ounis, Iadh},
 pages = {636-645},
 title = {University of Glasgow at the Robust Track - A Query-based Model Selection Approach for the Poorly-performing Queries},
 year = {2003}, 
 institution={National Institute of Standards and Technology},
 url = {http://trec.nist.gov/pubs/trec12/papers/uglasgow.robust.ps}
}

@inproceedings{ModelSelection,
 author = {He, Ben and Ounis, Iadh},
 title = {A Query-based Pre-retrieval Model Selection Approach to Information Retrieval},
 booktitle = {Proceedings of the RIAO 2004 - Coupling Approaches, Coupling Media and Coupling Languages for Information Retrieval},
 series = {RIAO '04},
 year = {2004},
 isbn = {905450-09-6},
 address = {Vaucluse, France},
 pages = {706--719},
 numpages = {14},
 url = {http://dl.acm.org/citation.cfm?id=2816272.2816336},
 acmid = {2816336}
} 

@incollection{InferringQP,
year={2004},
isbn={978-3-540-23210-0},
booktitle={String Processing and Information Retrieval},
volume={3246},
series={Lecture Notes in Computer Science},
editor={Apostolico, Alberto and Melucci, Massimo},
title={Inferring Query Performance Using Pre-retrieval Predictors},
publisher={Springer Berlin Heidelberg},
author={He, Ben and Ounis, Iadh},
pages={43-54},
language={English}
}

@inproceedings{CollectionEnrichment,
 author = {Peng, Jie and He, Ben and Ounis, Iadh},
 title = {Predicting the Usefulness of Collection Enrichment for Enterprise Search},
 booktitle = {Proceedings of the 2nd International Conference on Theory of Information Retrieval: Advances in Information Retrieval Theory},
 series = {ICTIR '09},
 year = {2009},
 isbn = {978-3-642-04416-8},
 location = {Cambridge, UK},
 pages = {366--370},
 numpages = {5},
 acmid = {1612385},
 publisher = {Springer-Verlag},
 address = {Berlin, Heidelberg}
} 

@inproceedings{SelCE,
 author = {Peng, Jie and Macdonald, Craig and He, Ben and Ounis, Iadh},
 title = {A Study of Selective Collection Enrichment for Enterprise Search},
 booktitle = {Proceedings of the 18th ACM Conference on Information and Knowledge Management},
 series = {CIKM '09},
 year = {2009},
 isbn = {978-1-60558-512-3},
 address = {Hong Kong, China},
 pages = {1999--2002},
 numpages = {4},
 url = {http://doi.acm.org/10.1145/1645953.1646286},
 doi = {10.1145/1645953.1646286},
 acmid = {1646286},
 publisher = {ACM},
 keywords = {collection enrichment, enterprise search, query expansion, selective application},
} 

@inproceedings{QueryTypeClassification,
 author = {Kang, In-Ho and Kim, GilChang},
 title = {Query Type Classification for Web Document Retrieval},
 booktitle = {Proceedings of the 26th Annual International ACM SIGIR Conference on Research and Development in Informaion Retrieval},
 series = {SIGIR '03},
 year = {2003},
 isbn = {1-58113-646-3},
 location = {Toronto, Canada},
 pages = {64--71},
 numpages = {8},
 acmid = {860449},
 publisher = {ACM},
 address = {Toronto, Canada},
 keywords = {URL information, combination of multiple evidences, link information, query classification},
} 

@inproceedings{SelectRankingFunction,
 author = {Peng, Jie and Macdonald, Craig and Ounis, Iadh},
 title = {Learning to Select a Ranking Function},
 booktitle = {Proceedings of the 32nd European Conference on Advances in Information Retrieval},
 series = {ECIR'2010},
 year = {2010},
 isbn = {3-642-12274-4, 978-3-642-12274-3},
 address = {Milton Keynes, UK},
 pages = {114--126},
 numpages = {13},
 acmid = {2128361},
 publisher = {Springer-Verlag},
 url = {http://dx.doi.org/10.1007/978-3-642-12275-0_13},
 doi = {10.1007/978-3-642-12275-0_13}
} 

@inproceedings{lsr,
 author = {Balasubramanian, Niranjan and Allan, James},
 title = {Learning to Select Rankers},
 booktitle = {Proceedings of the 33rd International ACM SIGIR Conference on Research and Development in Information Retrieval},
 series = {SIGIR '10},
 year = {2010},
 isbn = {978-1-4503-0153-4},
 address = {Geneva, Switzerland},
 pages = {855--856},
 numpages = {2},
 url = {http://doi.acm.org/10.1145/1835449.1835650},
 doi = {10.1145/1835449.1835650},
 acmid = {1835650},
 publisher = {ACM},
 keywords = {combining searches, learning to rank, metasearch}
} 

@inproceedings{Diversify,
 author = {Santos, Rodrygo L.T. and Macdonald, Craig and Ounis, Iadh},
 title = {Selectively Diversifying Web Search Results},
 booktitle = {Proceedings of the 19th ACM International Conference on Information and Knowledge Management},
 series = {CIKM '10},
 year = {2010},
 isbn = {978-1-4503-0099-5},
 location = {Toronto, ON, Canada},
 pages = {1179--1188},
 numpages = {10},
 acmid = {1871586},
 publisher = {ACM},
 address = {Toronto, ON, Canada},
 keywords = {diversity, feature selection, machine learning, relevance, selective retrieval, web search},
} 

@inproceedings{QueryDependentRanking,
 author = {Geng, Xiubo and Liu, Tie-Yan and Qin, Tao and Arnold, Andrew and Li, Hang and Shum, Heung-Yeung},
 title = {Query Dependent Ranking Using $K$-nearest Neighbor},
 booktitle = {Proceedings of the 31st Annual International ACM SIGIR Conference on Research and Development in Information Retrieval},
 series = {SIGIR '08},
 year = {2008},
 isbn = {978-1-60558-164-4},
 location = {Singapore, Singapore},
 pages = {115--122},
 numpages = {8},
 acmid = {1390356},
 publisher = {ACM},
 address = {Singapore, Singapore},
 keywords = {k-nearest neighbor, query dependent ranking, stability},
} 

@incollection{SelectiveQIF,
year={2009},
isbn={978-3-642-00957-0},
booktitle={Advances in Information Retrieval},
volume={5478},
series={Lecture Notes in Computer Science},
editor={Boughanem, Mohand and Berrut, Catherine and Mothe, Josiane and Soule-Dupuy, Chantal},
title={Selective Application of Query-Independent Features in Web Information Retrieval},
publisher={Springer Berlin Heidelberg},
author={Peng, Jie and Ounis, Iadh},
pages={375-387},
language={English}
}


@inproceedings{QueryDependentLossFunction,
 author = {Bian, Jiang and Liu, Tie-Yan and Qin, Tao and Zha, Hongyuan},
 title = {Ranking with Query-dependent Loss for Web Search},
 booktitle = {Proceedings of the Third ACM International Conference on Web Search and Data Mining},
 series = {WSDM '10},
 year = {2010},
 isbn = {978-1-60558-889-6},
 location = {New York City, USA},
 pages = {141--150},
 numpages = {10},
 acmid = {1718506},
 publisher = {ACM},
 keywords = {query difference, query-dependent loss function, ranking for web search},
} 

@inproceedings{SelectivePruning,
 author = {Tonellotto, Nicola and Macdonald, Craig and Ounis, Iadh},
 title = {Efficient and Effective Retrieval Using Selective Pruning},
 booktitle = {Proceedings of the Sixth ACM International Conference on Web Search and Data Mining},
 series = {WSDM '13},
 year = {2013},
 isbn = {978-1-4503-1869-3},
 location = {Rome, Italy},
 pages = {63--72},
 numpages = {10},
 acmid = {2433407},
 publisher = {ACM},
 address = {Rome, Italy},
 keywords = {dynamic pruning, efficient \&\#38; effective search engines, learning to rank, query efficiency prediction},
} 

@inproceedings{SelectivePersonalization,
 author = {Teevan, Jaime and Dumais, Susan T. and Liebling, Daniel J.},
 title = {To Personalize or Not to Personalize: Modeling Queries with Variation in User Intent},
 booktitle = {Proceedings of the 31st Annual International ACM SIGIR Conference on Research and Development in Information Retrieval},
 series = {SIGIR '08},
 year = {2008},
 isbn = {978-1-60558-164-4},
 location = {Singapore, Singapore},
 pages = {163--170},
 numpages = {8},
 acmid = {1390364},
 publisher = {ACM},
 address = {Singapore, Singapore},
 keywords = {clarity, personalized search, potential for personalization},
} 

@inproceedings{SelectiveSearchEngine,
 author = {White, Ryen W. and Richardson, Matthew and Bilenko, Mikhail and Heath, Allison P.},
 title = {Enhancing Web Search by Promoting Multiple Search Engine Use},
 booktitle = {Proceedings of the 31st Annual International ACM SIGIR Conference on Research and Development in Information Retrieval},
 series = {SIGIR '08},
 year = {2008},
 isbn = {978-1-60558-164-4},
 location = {Singapore, Singapore},
 pages = {43--50},
 numpages = {8},
 acmid = {1390344},
 publisher = {ACM},
 address = {Singapore, Singapore},
 keywords = {search engine switching},
} 

@phdthesis{plachouras2006selective,
  title={Selective web information retrieval},
  author={Plachouras, Vasileios},
  year={2006},
  school={University of Glasgow},
  url={http://theses.gla.ac.uk/1945}
}

@phdthesis{LTS,
  title={Learning to select for information retrieval},
  author={Peng, Jie},
  year={2010},
  school={University of Glasgow},
  url={http://theses.gla.ac.uk/1897}
}

@article{SelectiveTopicDistillation,
 year={2006},
 issn={1386-4564},
 journal={Information Retrieval},
 volume={9},
 number={2},
 title={A decision mechanism for the selective combination of evidence in topic distillation},
 author={Plachouras, Vassilis and Cacheda, Fidel and Ounis, Iadh},
 pages={139-163}
}

@inproceedings{SelTopicDist,
 author = {Plachouras, Vassilis and Ounis, Iadh and Cacheda, Fidel},
 title = {Selective Combination of Evidence for Topic Distillation Using Document and Aggregate-level Information},
 booktitle = {Proceedings of the RIAO 2004 - Coupling Approaches, Coupling Media and Coupling Languages for Information Retrieval},
 series = {RIAO '04},
 year = {2004},
 isbn = {905450-09-6},
 address = {Vaucluse, France},
 pages = {610--622},
 numpages = {13},
 url = {http://dl.acm.org/citation.cfm?id=2816272.2816328},
 acmid = {2816328}
} 

@inproceedings{Yom05,
 author = {Yom-Tov, Elad and Fine, Shai and Carmel, David and Darlow, Adam},
 title = {Learning to Estimate Query Difficulty: Including Applications to Missing Content Detection and Distributed Information Retrieval},
 booktitle = {Proceedings of the 28th Annual International ACM SIGIR Conference on Research and Development in Information Retrieval},
 series = {SIGIR '05},
 year = {2005},
 isbn = {1-59593-034-5},
 location = {Salvador, Brazil},
 pages = {512--519},
 numpages = {8},
 acmid = {1076121},
 publisher = {ACM},
 address = {Salvador, Brazil},
 keywords = {query difficulty estimation},
} 

@inproceedings{MAP,
 author = {Buckley, Chris and Voorhees, Ellen M.},
 title = {Evaluating Evaluation Measure Stability},
 booktitle = {Proceedings of the 23rd Annual International ACM SIGIR Conference on Research and Development in Information Retrieval},
 series = {SIGIR '00},
 year = {2000},
 isbn = {1-58113-226-3},
 address = {Athens, Greece},
 pages = {33--40},
 numpages = {8},
 url = {http://doi.acm.org/10.1145/345508.345543},
 doi = {10.1145/345508.345543},
 acmid = {345543},
 publisher = {ACM},
}

@inproceedings{err,
 author = {Chapelle, Olivier and Metlzer, Donald and Zhang, Ya and Grinspan, Pierre},
 title = {Expected Reciprocal Rank for Graded Relevance},
 booktitle = {Proceedings of the 18th ACM Conference on Information and Knowledge Management},
 series = {CIKM '09},
 year = {2009},
 isbn = {978-1-60558-512-3},
 pages = {621--630},
 numpages = {10},
 acmid = {1646033},
 publisher = {ACM},
 address = {Hong Kong, China},
 keywords = {click logs, evaluation, non-binary relevance, user model, web search},
} 

@article{ndcg,
 author = {J\"{a}rvelin, Kalervo and Kek\"{a}l\"{a}inen, Jaana},
 title = {Cumulated Gain-based Evaluation of {IR} Techniques},
 journal = {ACM Trans. Inf. Syst.},
 volume = {20},
 number = {4},
 month = oct,
 year = {2002},
 issn = {1046-8188},
 pages = {422--446},
 numpages = {25},
 acmid = {582418},
 publisher = {ACM},
 keywords = {Graded relevance judgments, cumulated gain},
} 

@techreport{2013web,
  title={{TREC} 2013 Web Track Overview},
  author={Collins-Thompson, Kevyn and Clarke, Charles L and Bennet, Paul and Diaz, Fernando and Voorhees, Ellen M},
  year={2014},
  institution={National Institute of Standards and Technology}
}

@techreport{AnchorRole,
  title={The Role of Anchor Text in {C}lue{W}eb09 Retrieval},
  author={Anh, Vo Ngoc and Moffat, Alistair},
  year={2010},
  institution={National Institute of Standards and Technology},
  url={http://trec.nist.gov/pubs/trec19/papers/univ.melbourne.web.pdf}
}

@inproceedings{TurkishD,
 author = {Bitirim, Yiltan and Tonta, Yasar and Sever, Hayri},
 title = {Information Retrieval Effectiveness of Turkish Search Engines},
 booktitle = {Proceedings of the Second International Conference on Advances in Information Systems},
 series = {ADVIS '02},
 year = {2002},
 isbn = {3-540-00009-7},
 pages = {93--103},
 numpages = {11},
 url = {http://dl.acm.org/citation.cfm?id=646048.677070},
 acmid = {677070},
 publisher = {Springer-Verlag},
 address = {London, UK, UK},
} 

@inproceedings{Variance,
 author = {McDonell, Rodney and Zobel, Justin and Billerbeck, Bodo},
 title = {How Informative is a Term?: Dispersion As a Measure of Term Specificity},
 booktitle = {Proceedings of the 39th International ACM SIGIR Conference on Research and Development in Information Retrieval},
 series = {SIGIR '16},
 year = {2016},
 isbn = {978-1-4503-4069-4},
 address = {Pisa, Italy},
 pages = {853--856},
 numpages = {4},
 url = {http://doi.acm.org/10.1145/2911451.2914687},
 doi = {10.1145/2911451.2914687},
 acmid = {2914687},
 publisher = {ACM},
 keywords = {dispersion, relative standard deviation, rsd, term specificity},
} 

@inproceedings{ZRisk,
 author = {Din\c{c}er, B. Taner and Macdonald, Craig and Ounis, Iadh},
 title = {Risk-sensitive Evaluation and Learning to Rank using Multiple Baselines},
 booktitle = {Proceedings of the 39th International ACM SIGIR Conference on Research and Development in Information Retrieval},
 series = {SIGIR '16},
 year = {2016},
 isbn = {978-1-4503-4069-4},
 address = {Pisa, Italy},
 pages = {483--492},
 numpages = {10},
 url = {http://doi.acm.org/10.1145/2911451.2911511},
 doi = {10.1145/2911451.2911511},
 acmid = {2911511},
 publisher = {ACM},
 keywords = {baselines, learning-to-rank, risk-sensitive evaluation}
} 

@inproceedings{TRisk,
 author = {Din\c{c}er, B. Taner and Macdonald, Craig and Ounis, Iadh},
 title = {Hypothesis Testing for the Risk-sensitive Evaluation of Retrieval Systems},
 booktitle = {Proceedings of the 37th International ACM SIGIR Conference on Research and Development in Information Retrieval},
 series = {SIGIR '14},
 year = {2014},
 isbn = {978-1-4503-2257-7},
 address = {Gold Coast, Queensland, Australia},
 pages = {23--32},
 numpages = {10},
 url = {http://doi.acm.org/10.1145/2600428.2609625},
 doi = {10.1145/2600428.2609625},
 acmid = {2609625},
 publisher = {ACM},
 keywords = {risk-sensitive evaluation, student's t test}
} 

@inproceedings{URisk,
 author = {Wang, Lidan and Bennett, Paul N. and Collins-Thompson, Kevyn},
 title = {Robust Ranking Models via Risk-sensitive Optimization},
 booktitle = {Proceedings of the 35th International ACM SIGIR Conference on Research and Development in Information Retrieval},
 series = {SIGIR '12},
 year = {2012},
 isbn = {978-1-4503-1472-5},
 pages = {761--770},
 numpages = {10},
 url = {http://doi.acm.org/10.1145/2348283.2348385},
 doi = {10.1145/2348283.2348385},
 acmid = {2348385},
 publisher = {ACM},
 address = {Portland, Oregon, USA},
 keywords = {machine learning, re-ranking, robust algorithms},
} 

@inproceedings{GMAP,
 author = {Ravana, Sri Devi and Moffat, Alistair},
 title = {Exploring Evaluation Metrics: {GMAP} Versus {MAP}},
 booktitle = {Proceedings of the 31st Annual International ACM SIGIR Conference on Research and Development in Information Retrieval},
 series = {SIGIR '08},
 year = {2008},
 isbn = {978-1-60558-164-4},
 address = {Singapore, Singapore},
 pages = {687--688},
 numpages = {2},
 url = {http://doi.acm.org/10.1145/1390334.1390452},
 doi = {10.1145/1390334.1390452},
 acmid = {1390452},
 publisher = {ACM},
 keywords = {average precision, evaluation, gmap, map}
} 

@inproceedings{onGMAP,
 author = {Robertson, Stephen},
 title = {On {GMAP}: And Other Transformations},
 booktitle = {Proceedings of the 15th ACM International Conference on Information and Knowledge Management},
 series = {CIKM '06},
 year = {2006},
 isbn = {1-59593-433-2},
 address = {Arlington, Virginia, USA},
 pages = {78--83},
 numpages = {6},
 url = {http://doi.acm.org/10.1145/1183614.1183630},
 doi = {10.1145/1183614.1183630},
 acmid = {1183630},
 publisher = {ACM},
 keywords = {effectiveness measures, evaluation}
} 

@inproceedings{Lucene4,
 author = {Andrzej Bia\l{}ecki and Robert Muir and Grant Ingersoll},
 title = {Apache {L}ucene 4},
 booktitle = {Proceedings of the SIGIR 2012 Workshop on Open Source Information Retrieval},
 journal = {SIGIR Forum},
 month = aug,
 year = {2012},
 pages = {17--24},
 numpages = {8},
 url = {http://opensearchlab.otago.ac.nz/paper_10.pdf},
 address = {Portland, Oregon, USA}
} 

@book{carmel2010estimating,
  title={Estimating the query difficulty for information retrieval},
  author={Carmel, David and Yom-Tov, Elad},
  journal={Synthesis Lectures on Information Concepts, Retrieval, and Services},
  pages={1--89},
  year={2010},
  publisher={Morgan \& Claypool Publishers}
}

@article{tfidf,
 author = {Salton, Gerard and Buckley, Christopher},
 title = {Term-weighting Approaches in Automatic Text Retrieval},
 journal = {Inf. Process. Manage.},
 volume = {24},
 number = {5},
 month = aug,
 year = {1988},
 issn = {0306-4573},
 pages = {513--523},
 numpages = {11},
 acmid = {54260},
 publisher = {Pergamon Press, Inc.},
 address = {Tarrytown, NY, USA},
} 

@article{bm25,
 author = {Robertson, Stephen and Zaragoza, Hugo},
 title = {The Probabilistic Relevance Framework: {BM25} and Beyond},
 journal = {Foundations and Trends\textsuperscript{\textregistered} in Information Retrieval},
 issue_date = {April 2009},
 volume = {3},
 number = {4},
 month = apr,
 year = {2009},
 issn = {1554-0669},
 pages = {333--389},
 numpages = {57},
 url = {http://dx.doi.org/10.1561/1500000019},
 doi = {10.1561/1500000019},
 acmid = {1704810},
 publisher = {Now Publishers Inc.},
 address = {Hanover, MA, USA},
} 

@inproceedings{lgd09,
 author = {Clinchant, St{\'e}phane and Gaussier, Eric},
 title = {Retrieval Constraints and Word Frequency Distributions: A Log-logistic Model for {IR}},
 booktitle = {Proceedings of the 18th ACM Conference on Information and Knowledge Management},
 series = {CIKM '09},
 year = {2009},
 isbn = {978-1-60558-512-3},
 location = {Hong Kong, China},
 pages = {1975--1978},
 numpages = {4},
 url = {http://doi.acm.org/10.1145/1645953.1646280},
 doi = {10.1145/1645953.1646280},
 acmid = {1646280},
 publisher = {ACM},
 address = {New York, NY, USA},
 keywords = {burstiness, ir models, log-logistic, retrieval constraints},
} 

@inproceedings{lgd10,
 author = {Clinchant, St\'{e}phane and Gaussier, Eric},
 title = {Information-based Models for Ad Hoc {IR}},
 booktitle = {Proceedings of the 33rd International ACM SIGIR Conference on Research and Development in Information Retrieval},
 series = {SIGIR '10},
 year = {2010},
 isbn = {978-1-4503-0153-4},
 pages = {234--241},
 numpages = {8},
 acmid = {1835490},
 publisher = {ACM},
 address = {Geneva, Switzerland},
 keywords = {burstiness, information-based models, log-logistic, power laws, pseudo-relevance feedback, retrieval constraints},
 url = {http://doi.acm.org/10.1145/1835449.1835490},
 doi = {10.1145/1835449.1835490}
} 

@article{lgd11,
 author = {Clinchant, St{\'e}phane and Gaussier, Eric},
 title = {Retrieval Constraints and Word Frequency Distributions a Log-logistic Model for {IR}},
 journal = {Information Retrieval},
 issue_date = {February  2011},
 volume = {14},
 number = {1},
 month = feb,
 year = {2011},
 issn = {1386-4564},
 pages = {5--25},
 numpages = {21},
 url = {http://dx.doi.org/10.1007/s10791-010-9143-7},
 doi = {10.1007/s10791-010-9143-7},
 acmid = {1960760},
 publisher = {Kluwer Academic Publishers},
 address = {Hingham, MA, USA},
 keywords = {Burstiness, Information retrieval theory, Log-logistic distribution, Retrieval constraints},
} 

@inproceedings{concavity,
 author = {Clinchant, St{\'e}phane},
 title = {Concavity in {IR} Models},
 booktitle = {Proceedings of the 21st ACM International Conference on Information and Knowledge Management},
 series = {CIKM '12},
 year = {2012},
 isbn = {978-1-4503-1156-4},
 address = {Maui, Hawaii, USA},
 pages = {2539--2542},
 numpages = {4},
 url = {http://doi.acm.org/10.1145/2396761.2398686},
 doi = {10.1145/2396761.2398686},
 acmid = {2398686},
 publisher = {ACM},
 keywords = {IR models, concavity, information models}
} 

@article{dfi,
 year={2014},
 issn={1386-4564},
 journal={Information Retrieval},
 volume={17},
 number={2},
 title={A nonparametric term weighting method for information retrieval based on measuring the divergence from independence},
 author={Kocaba\c{s}, \.{I}lker and Din\c{c}er, Bekir Taner and Karao\u{g}lan, Bahar},
 pages={153-176},
 language={English}
}

@inproceedings{ria2,
 author = {Harman, Donna and Buckley, Chris},
 title = {The {NRRC} Reliable Information Access ({RIA}) Workshop},
 booktitle = {Proceedings of the 27th Annual International ACM SIGIR Conference on Research and Development in Information Retrieval},
 series = {SIGIR '04},
 year = {2004},
 isbn = {1-58113-881-4},
 pages = {528--529},
 numpages = {2},
 acmid = {1009104},
 publisher = {ACM},
 address = {Sheffield, United Kingdom},
 keywords = {failure analysis, relevance feedback},
} 

@article{ria,
 author = {Harman, Donna and Buckley, Chris},
 title = {Overview of the Reliable Information Access Workshop},
 journal = {Information Retrieval},
 volume = {12},
 number = {6},
 month = dec,
 year = {2009},
 issn = {1386-4564},
 pages = {615--641},
 numpages = {27},
 acmid = {1644419},
 publisher = {Kluwer Academic Publishers},
 address = {Hingham, MA, USA},
 keywords = {Failure analysis, Information retrieval, Relevance feedback},
 doi = {10.1007/s10791-009-9101-4},
 url = {http://dx.doi.org/10.1007/s10791-009-9101-4}
} 

@article{IRFail,
 author="Buckley, Chris",
 title="Why current {IR} engines fail",
 journal="Information Retrieval",
 year="2009",
 volume="12",
 number="6",
 pages="652--665",
 issn="1573-7659",
 doi="10.1007/s10791-009-9103-2",
 url="http://dx.doi.org/10.1007/s10791-009-9103-2"
}

@article{robust,
 author = {Voorhees, Ellen M.},
 title = {The {TREC} Robust Retrieval Track},
 journal = {SIGIR Forum},
 volume = {39},
 number = {1},
 month = jun,
 year = {2005},
 issn = {0163-5840},
 pages = {11--20},
 numpages = {10},
 acmid = {1067272},
 publisher = {ACM},
 url = {http://doi.acm.org/10.1145/1067268.1067272},
 doi = {10.1145/1067268.1067272}
} 

@incollection{preVar,
year={2008},
isbn={978-3-540-78645-0},
booktitle={Advances in Information Retrieval},
volume={4956},
series={Lecture Notes in Computer Science},
editor={Macdonald, Craig and Ounis, Iadh and Plachouras, Vassilis and Ruthven, Ian and White, RyenW.},
title={Effective Pre-retrieval Query Performance Prediction Using Similarity and Variability Evidence},
publisher={Springer Berlin Heidelberg},
author={Zhao, Ying and Scholer, Falk and Tsegay, Yohannes},
pages={52-64},
language={English}
}

@inproceedings{clarity,
 author = {Cronen-Townsend, Steve and Zhou, Yun and Croft, W. Bruce},
 title = {Predicting Query Performance},
 booktitle = {Proceedings of the 25th Annual International ACM SIGIR Conference on Research and Development in Information Retrieval},
 series = {SIGIR '02},
 year = {2002},
 isbn = {1-58113-561-0},
 location = {},
 pages = {299--306},
 numpages = {8},
 acmid = {564429},
 publisher = {ACM},
 address = {Tampere, Finland},
 keywords = {ambiguity, clarity, information theory, language models},
} 

@inproceedings{clarityRe,
 author = {Hummel, Shay and Shtok, Anna and Raiber, Fiana and Kurland, Oren and Carmel, David},
 title = {Clarity Re-visited},
 booktitle = {Proceedings of the 35th International ACM SIGIR Conference on Research and Development in Information Retrieval},
 series = {SIGIR '12},
 year = {2012},
 isbn = {978-1-4503-1472-5},
 pages = {1039--1040},
 numpages = {2},
 acmid = {2348458},
 publisher = {ACM},
 address = {Portland, Oregon, USA},
 keywords = {clarity, query-performance prediction},
} 

@article{nqc,
 author = {Shtok, Anna and Kurland, Oren and Carmel, David and Raiber, Fiana and Markovits, Gad},
 title = {Predicting Query Performance by Query-Drift Estimation},
 journal = {ACM Trans. Inf. Syst.},
 volume = {30},
 number = {2},
 month = may,
 year = {2012},
 issn = {1046-8188},
 pages = {11:1--11:35},
 articleno = {11},
 numpages = {35},
 acmid = {2180873},
 publisher = {ACM},
 address = {New York, NY, USA},
 keywords = {Query-performance prediction, query drift, score distribution},
} 

@inproceedings{qf,
 author = {Zhou, Yun and Croft, W. Bruce},
 title = {Query Performance Prediction in Web Search Environments},
 booktitle = {Proceedings of the 30th Annual International ACM SIGIR Conference on Research and Development in Information Retrieval},
 series = {SIGIR '07},
 year = {2007},
 isbn = {978-1-59593-597-7},
 pages = {543--550},
 numpages = {8},
 acmid = {1277835},
 publisher = {ACM},
 address = {Amsterdam, The Netherlands},
 keywords = {query classification, query performance prediction, web search},
} 


@inproceedings{preSurvey,
 author = {Hauff, Claudia and Hiemstra, Djoerd and de Jong, Franciska},
 title = {A Survey of Pre-retrieval Query Performance Predictors},
 booktitle = {Proceedings of the 17th ACM Conference on Information and Knowledge Management},
 series = {CIKM '08},
 year = {2008},
 isbn = {978-1-59593-991-3},
 pages = {1419--1420},
 numpages = {2},
 acmid = {1458311},
 publisher = {ACM},
 address = {Napa Valley, California, USA},
 keywords = {query performance prediction},
} 

@Inbook{DFRee,
 author="Amati, Giambattista",
 title="Divergence from Randomness Models",
 bookTitle="Encyclopedia of Database Systems",
 year="2009",
 publisher="Springer US",
 address="Boston, MA",
 pages="929--932",
 isbn="978-0-387-39940-9",
 doi="10.1007/978-0-387-39940-9_924",
 url="http://dx.doi.org/10.1007/978-0-387-39940-9_924"
}

@article{dfr,
 author = {Amati, Gianni and Van Rijsbergen, Cornelis Joost},
 title = {Probabilistic Models of Information Retrieval Based on Measuring the Divergence from Randomness},
 journal = {ACM Trans. Inf. Syst.},
 volume = {20},
 number = {4},
 month = oct,
 year = {2002},
 issn = {1046-8188},
 pages = {357--389},
 numpages = {33},
 acmid = {582416},
 publisher = {ACM},
 keywords = {Aftereffect model, BM25, Bose--Einstein statistics, Laplace, Poisson, binomial law, document length normalization, eliteness, idf, information retrieval, probabilistic models, randomness, succession law, term frequency normalization, term weighting},
} 

@incollection{Amati04querydifficulty,
year={2004},
isbn={978-3-540-21382-6},
booktitle={Advances in Information Retrieval},
volume={2997},
series={Lecture Notes in Computer Science},
editor={McDonald, Sharon and Tait, John},
title={Query Difficulty, Robustness, and Selective Application of Query Expansion},
publisher={Springer Berlin Heidelberg},
author={Amati, Giambattista and Carpineto, Claudio and Romano, Giovanni},
pages={127-137},
language={English}
}


@book{irbook,
 author = {Manning, Christopher D. and Raghavan, Prabhakar and Sch\"{u}tze, Hinrich},
 title = {Introduction to Information Retrieval},
 year = {2008},
 isbn = {0521865719, 9780521865715},
 publisher = {Cambridge University Press},
 address = {New York, NY, USA},
 url = {http://www-nlp.stanford.edu/IR-book/},
}

@book{irPractice,
 author = {Croft, Bruce and Metzler, Donald and Strohman, Trevor},
 title = {Search Engines: Information Retrieval in Practice},
 year = {2009},
 isbn = {0136072240, 9780136072249},
 publisher = {Pearson},
 url = {http://ciir.cs.umass.edu/irbook/}
}

@incollection{porter,
 author = {Porter, M. F.},
 title = {An Algorithm for Suffix Stripping},
 booktitle = {Readings in Information Retrieval},
 editor = {Sp\"{a}rck Jones, Karen and Willett, Peter},
 year = {1997},
 isbn = {1-55860-454-5},
 pages = {313--316},
 numpages = {4},
 url = {http://dl.acm.org/citation.cfm?id=275537.275705},
 acmid = {275705},
 publisher = {Morgan Kaufmann Publishers Inc.},
 address = {San Francisco, CA, USA},
} 

@inproceedings{kstem,
 author = {Krovetz, Robert},
 title = {Viewing Morphology As an Inference Process},
 booktitle = {Proceedings of the 16th Annual International ACM SIGIR Conference on Research and Development in Information Retrieval},
 series = {SIGIR '93},
 year = {1993},
 isbn = {0-89791-605-0},
 address = {Pittsburgh, Pennsylvania, USA},
 pages = {191--202},
 numpages = {12},
 url = {http://doi.acm.org/10.1145/160688.160718},
 doi = {10.1145/160688.160718},
 acmid = {160718},
 publisher = {ACM}
} 

@book{trec,
 author = {Voorhees, Ellen M. and Harman, Donna K.},
 title = {{TREC}: Experiment and Evaluation in Information Retrieval (Digital Libraries and Electronic Publishing)},
 year = {2005},
 isbn = {0262220733},
 publisher = {The MIT Press},
} 

@article{cranfield,
 author = {Voorhees, Ellen M.},
 title = {{TREC}: Continuing Information Retrieval's Tradition of Experimentation},
 journal = {Commun. ACM},
 issue_date = {November 2007},
 volume = {50},
 number = {11},
 month = nov,
 year = {2007},
 issn = {0001-0782},
 pages = {51--54},
 numpages = {4},
 url = {http://doi.acm.org/10.1145/1297797.1297822},
 doi = {10.1145/1297797.1297822},
 acmid = {1297822},
 publisher = {ACM},
 address = {New York, NY, USA},
} 

@inproceedings{VoorheesIREval,
 author = {Voorhees, Ellen M.},
 title = {The Philosophy of Information Retrieval Evaluation},
 booktitle = {Revised Papers from the Second Workshop of the Cross-Language Evaluation Forum on Evaluation of Cross-Language Information Retrieval Systems},
 series = {CLEF '01},
 year = {2002},
 isbn = {3-540-44042-9},
 pages = {355--370},
 numpages = {16},
 doi = {10.1007/3-540-45691-0_34},
 url = {http://dx.doi.org/10.1007/3-540-45691-0_34},
 acmid = {753539},
 publisher = {Springer-Verlag},
 address = {London, UK}
} 

@inproceedings{heuristics,
 author = {Fang, Hui and Tao, Tao and Zhai, ChengXiang},
 title = {A Formal Study of Information Retrieval Heuristics},
 booktitle = {Proceedings of the 27th Annual International ACM SIGIR Conference on Research and Development in Information Retrieval},
 series = {SIGIR '04},
 year = {2004},
 isbn = {1-58113-881-4},
 address = {Sheffield, United Kingdom},
 pages = {49--56},
 numpages = {8},
 doi = {10.1145/1008992.1009004}
} 

@article{fang,
 author = {Fang, Hui and Tao, Tao and Zhai, ChengXiang},
 title = {Diagnostic Evaluation of Information Retrieval Models},
 journal = {ACM Trans. Inf. Syst.},
 issue_date = {April 2011},
 volume = {29},
 number = {2},
 month = apr,
 year = {2011},
 issn = {1046-8188},
 pages = {7:1--7:42},
 articleno = {7},
 numpages = {42},
 url = {http://doi.acm.org/10.1145/1961209.1961210},
 doi = {10.1145/1961209.1961210},
 acmid = {1961210},
 publisher = {ACM},
 address = {New York, NY, USA},
 keywords = {Retrieval heuristics, TF-IDF weighting, constraints, diagnostic evaluation, formal models},
} 

@book{vectorSpace,
 author = {Salton, Gerard and McGill, Michael J.},
 title = {Introduction to Modern Information Retrieval},
 year = {1986},
 isbn = {0070544840},
 publisher = {McGraw-Hill, Inc.},
 address = {New York, NY, USA},
} 

@book{conover,
  title={Practical nonparametric statistics},
  author={Conover, William Jay},
  year={1999},
  edition={3rd},
  isbn={978-0-471-16068-7},
  publisher={Wiley New York}
}

@incollection{PoissonIDF,
 year={1999},
 isbn={978-90-481-5349-7},
 booktitle={Natural Language Processing Using Very Large Corpora},
 volume={11},
 series={Text, Speech and Language Technology},
 doi={10.1007/978-94-017-2390-9_18},
 title={Inverse Document Frequency ({IDF}): A Measure of Deviations from {P}oisson},
 url={http://dx.doi.org/10.1007/978-94-017-2390-9_18}, 
 publisher={Springer Netherlands},
 author={Church, K. and Gale, W.},
 pages={283-295},
 language={English}
}

@inproceedings{rigor,
 author = {Arguello, Jaime and Diaz, Fernando and Lin, Jimmy and Trotman, Andrew},
 title = {{SIGIR} 2015 Workshop on Reproducibility, Inexplicability, and Generalizability of Results ({RIGOR})},
 booktitle = {Proceedings of the 38th International ACM SIGIR Conference on Research and Development in Information Retrieval},
 series = {SIGIR '15},
 year = {2015},
 isbn = {978-1-4503-3621-5},
 address = {Santiago, Chile},
 pages = {1147--1148},
 numpages = {2},
 url = {http://doi.acm.org/10.1145/2766462.2767858},
 doi = {10.1145/2766462.2767858},
 acmid = {2767858},
 publisher = {ACM},
 keywords = {evaluation, negative results}
} 

@article{rigorJ,
 author = {Arguello, Jaime and Crane, Matt and Diaz, Fernando and Lin, Jimmy and Trotman, Andrew},
 title = {Report on the {SIGIR} 2015 Workshop on Reproducibility, Inexplicability, and Generalizability of Results ({RIGOR})},
 journal = {SIGIR Forum},
 issue_date = {December 2015},
 volume = {49},
 number = {2},
 month = jan,
 year = {2016},
 issn = {0163-5840},
 pages = {107--116},
 numpages = {10},
 url = {http://doi.acm.org/10.1145/2888422.2888439},
 doi = {10.1145/2888422.2888439},
 acmid = {2888439},
 publisher = {ACM}
} 

@incollection{Lin2016,
author="Lin, Jimmy
and Crane, Matt
and Trotman, Andrew
and Callan, Jamie
and Chattopadhyaya, Ishan
and Foley, John
and Ingersoll, Grant
and Macdonald, Craig
and Vigna, Sebastiano",
title="Toward Reproducible Baselines: The Open-Source {IR} Reproducibility Challenge",
bookTitle="Advances in Information Retrieval: 38th European Conference on IR Research, ECIR 2016, Padua, Italy, March 20-23, 2016. Proceedings",
year="2016",
publisher="Springer International Publishing",
address="Cham",
pages="408--420",
isbn="978-3-319-30671-1",
doi="10.1007/978-3-319-30671-1_30",
url="http://dx.doi.org/10.1007/978-3-319-30671-1_30"
}

@inproceedings{openRuns,
 author = {Ellen M. Voorhees and Shahzad Rajput and Ian Soboroff},
 title = {Promoting Repeatability Through Open Runs},
 booktitle = {Proceedings of the Seventh International Workshop on Evaluating Information Access},
 series = {EVIA 2016},
 year = {2016},
 address = {Tokyo, Japan},
 pages = {17--20}
} 

@article{ecir2015,
 author = {Hanbury, Allan and Kazai, Gabriella and Rauber, Andreas and Fuhr, Norbert},
 title = {{ECIR} 2015: 37th European Conference on Information Retrieval},
 journal = {SIGIR Forum},
 issue_date = {December 2015},
 volume = {49},
 number = {2},
 month = jan,
 year = {2016},
 issn = {0163-5840},
 pages = {36--46},
 numpages = {11},
 url = {http://doi.acm.org/10.1145/2888422.2888427},
 doi = {10.1145/2888422.2888427},
 acmid = {2888427},
 publisher = {ACM}
} 

@article{ecir2016,
 title={Report on {ECIR} 2016: 38th European Conference on Information Retrieval},
 author={Nicola Ferro and Fabio Crestani and Marie-Francine Moens and Ku Leuven and Belgium and Fabrizio Silvestri and Jaana Kek{\"a}l{\"a}inen and Paolo Rosso and Paul Clough and Gabriella Pasi and Christina Lioma and Stefano Mizzaro and Giorgio Maria and Di Nunzio and Claudia Hauff and Omar Alonso and Pavel Serdyukov Yandex and Russia and Gianmaria Silvello},
 journal = {SIGIR Forum},
 issue_date = {June 2016},
 volume = {50},
 number = {1},
 year = {2016},
 pages = {12--27},
 url = {http://sigir.org/files/forum/2016J/p012.pdf}
} 


@article{spam,
 author    = {Gordon V. Cormack and Mark D. Smucker and Charles L. A. Clarke},
 title     = {Efficient and Effective Spam Filtering and Re-ranking for Large Web Datasets},
 journal   = {Information Retrieval},
 year      = {2011},
 volume    = {14},
 number    = {5},
 pages     = {441--465},
 doi       = {10.1007/s10791-011-9162-z},
 url       = {http://dx.doi.org/10.1007/s10791-011-9162-z}
}

@inproceedings{spamRemoval,
 author = {Crane, Matt and Trotman, Andrew},
 title = {Effects of Spam Removal on Search Engine Efficiency and Effectiveness},
 booktitle = {Proceedings of the 17th Australasian Document Computing Symposium},
 series = {ADCS '12},
 year = {2012},
 isbn = {978-1-4503-1411-4},
 address = {Dunedin, New Zealand},
 pages = {1--8},
 numpages = {8},
 url = {http://doi.acm.org/10.1145/2407085.2407086},
 doi = {10.1145/2407085.2407086},
 acmid = {2407086},
 publisher = {ACM},
 keywords = {information retrieval, procrastination, spam, web documents}
} 

@inproceedings{zuccon2011indexing,
  title={Indexing without spam},
  author={Zuccon, Guido and Nguyen, Anthony and Leelanupab, Teerapong and Azzopardi, Leif},
  booktitle={Proceedings of the 16th Australasian Document Computing Symposium},
  series = {ADCS 2011},
  pages={6--13},
  year={2011}
}

@article{selective,
 author = {Kulkarni, Anagha and Callan, Jamie},
 title = {Selective Search: Efficient and Effective Search of Large Textual Collections},
 journal = {ACM Trans. Inf. Syst.},
 issue_date = {May 2015},
 volume = {33},
 number = {4},
 month = apr,
 year = {2015},
 issn = {1046-8188},
 pages = {17:1--17:33},
 articleno = {17},
 numpages = {33},
 url = {http://doi.acm.org/10.1145/2738035},
 doi = {10.1145/2738035},
 acmid = {2738035},
 publisher = {ACM},
 keywords = {Large-scale text search, distributed information retrieval, document collection organization, partitioned search, resource selection, selective search},
} 

@techreport{2014web,
 title={TREC 2014 Web Track Overview},
 author={Collins-Thompson, Kevyn and Macdonald, Craig and Bennet, Paul and Diaz, Fernando and Voorhees, Ellen M},
 year={2015},
 month = {February},
 institution={National Institute of Standards and Technology},
 url={http://trec.nist.gov/pubs/trec23/papers/overview-web.pdf}
}

@techreport{tt04,
 title={Overview of the {TREC} 2004 Terabyte Track},
 author={Clarke, Charles and Craswell, Nick and Soboroff, Ian},
 year={2004},
 institution={National Institute of Standards and Technology},
 url={http://trec.nist.gov/pubs/trec13/papers/TERA.OVERVIEW.pdf}
}

@techreport{mq09,
  title={Million Query Track 2009 Overview.},
  author={Carterette, Ben and Pavlu, Virgiliu and Fang, Hui and Kanoulas, Evangelos},
  year={2009},
  institution={National Institute of Standards and Technology},
  url={http://trec.nist.gov/pubs/trec18/papers/MQ09OVERVIEW.pdf}
}

@inproceedings{matf,
 author = {Paik, Jiaul H.},
 title = {A Novel {TF-IDF} Weighting Scheme for Effective Ranking},
 booktitle = {Proceedings of the 36th International ACM SIGIR Conference on Research and Development in Information Retrieval},
 series = {SIGIR '13},
 year = {2013},
 isbn = {978-1-4503-2034-4},
 address = {Dublin, Ireland},
 pages = {343--352},
 numpages = {10},
 url = {http://doi.acm.org/10.1145/2484028.2484070},
 doi = {10.1145/2484028.2484070},
 acmid = {2484070},
 publisher = {ACM},
 keywords = {document ranking, retrieval model, term weighting},
} 

@inproceedings{mvd,
 author = {Paik, Jiaul H.},
 title = {A Probabilistic Model for Information Retrieval Based on Maximum Value Distribution},
 booktitle = {Proceedings of the 38th International ACM SIGIR Conference on Research and Development in Information Retrieval},
 series = {SIGIR '15},
 year = {2015},
 isbn = {978-1-4503-3621-5},
 address = {Santiago, Chile},
 pages = {585--594},
 numpages = {10},
 url = {http://doi.acm.org/10.1145/2766462.2767762},
 doi = {10.1145/2766462.2767762},
 acmid = {2767762},
 publisher = {ACM},
 keywords = {document ranking, extreme value theory, retrieval model},
} 

@article{cure,
 author = {Guha, Sudipto and Rastogi, Rajeev and Shim, Kyuseok},
 title = {{CURE}: An Efficient Clustering Algorithm for Large Databases},
 journal = {SIGMOD Rec.},
 issue_date = {June 1998},
 volume = {27},
 number = {2},
 month = jun,
 year = {1998},
 issn = {0163-5808},
 pages = {73--84},
 numpages = {12},
 url = {http://doi.acm.org/10.1145/276305.276312},
 doi = {10.1145/276305.276312}
} 

@inproceedings{jin,
 author = {Jin, Rong and Falusos, Christos and Hauptmann, Alex G.},
 title = {Meta-scoring: Automatically Evaluating Term Weighting Schemes in {IR} Without Precision-recall},
 booktitle = {Proceedings of the 24th Annual International ACM SIGIR Conference on Research and Development in Information Retrieval},
 series = {SIGIR '01},
 year = {2001},
 isbn = {1-58113-331-6},
 address = {New Orleans, Louisiana, USA},
 pages = {83--89},
 numpages = {7},
 url = {http://doi.acm.org/10.1145/383952.383964},
 doi = {10.1145/383952.383964},
 acmid = {383964},
 publisher = {ACM}
} 

@inproceedings{si,
 author = {Si, Luo and Callan, Jamie},
 title = {Using Sampled Data and Regression to Merge Search Engine Results},
 booktitle = {Proceedings of the 25th Annual International ACM SIGIR Conference on Research and Development in Information Retrieval},
 series = {SIGIR '02},
 year = {2002},
 isbn = {1-58113-561-0},
 address = {Tampere, Finland},
 pages = {19--26},
 numpages = {8},
 url = {http://doi.acm.org/10.1145/564376.564382},
 doi = {10.1145/564376.564382},
 acmid = {564382},
 publisher = {ACM},
 keywords = {distributed information retrieval, regression, results merging}
} 

@inproceedings{man,
 author = {Manmatha, R. and Rath, T. and Feng, F.},
 title = {Modeling Score Distributions for Combining the Outputs of Search Engines},
 booktitle = {Proceedings of the 24th Annual International ACM SIGIR Conference on Research and Development in Information Retrieval},
 series = {SIGIR '01},
 year = {2001},
 isbn = {1-58113-331-6},
 address = {New Orleans, Louisiana, USA},
 pages = {267--275},
 numpages = {9},
 url = {http://doi.acm.org/10.1145/383952.384005},
 doi = {10.1145/383952.384005},
 acmid = {384005},
 publisher = {ACM}
}

@inproceedings{llbm25,
 author = {Lv, Yuanhua and Zhai, ChengXiang},
 title = {A Log-logistic Model-based Interpretation of {TF} Normalization of {BM25}},
 booktitle = {Proceedings of the 34th European Conference on Advances in Information Retrieval},
 series = {ECIR'12},
 year = {2012},
 isbn = {978-3-642-28996-5},
 address = {Barcelona, Spain},
 pages = {244--255},
 numpages = {12},
 url = {http://dx.doi.org/10.1007/978-3-642-28997-2_21},
 doi = {10.1007/978-3-642-28997-2_21},
 acmid = {2260668},
 publisher = {Springer-Verlag},
 keywords = {BM25, automatic parameter tuning, log-logistic model, percentile term frequency normalization, term frequency},
} 

@book{NumericalRecipes,
 author = {Press, William H. and Teukolsky, Saul A. and Vetterling, William T. and Flannery, Brian P.},
 title = {Numerical Recipes 3rd Edition: The Art of Scientific Computing},
 year = {2007},
 edition = {3},
 publisher = {Cambridge University Press},
 address = {New York, NY, USA}
} 

@book{ttest,
 author = {Kreyszig, Erwin},
 title = {Introductory Mathematical Statistics},
 year = {1970},
 publisher = {John Wiley}
} 

@book{w1,
 author = {Myles Hollander and Douglas A. Wolfe},
 title = {Nonparametric Statistical Methods},
 year = {1999},
 edition = {2},
 publisher = {Wiley-Interscience}
} 

@book{w2,
 author = {Jean Dickinson Gibbons and Subhabrata Chakraborti},
 title = {Nonparametric Statistical Inference},
 year = {2010},
 edition = {5},
 publisher = {Chapman and Hall/CRC}
} 

@incollection{dir,
 year={2000},
 isbn={978-0-7923-7812-9},
 booktitle={Advances in Information Retrieval},
 volume={7},
 series={The Information Retrieval Series},
 editor={Croft, W.Bruce},
 doi={10.1007/0-306-47019-5_5},
 title={Distributed Information Retrieval},
 url={http://dx.doi.org/10.1007/0-306-47019-5_5},
 publisher={Springer US},
 author={Callan, Jamie},
 pages={127-150}
}

@incollection{dph,
 year={2006},
 isbn={978-3-540-33347-0},
 booktitle={Advances in Information Retrieval},
 volume={3936},
 series={Lecture Notes in Computer Science},
 doi={10.1007/11735106_3},
 title={Frequentist and Bayesian Approach to Information Retrieval},
 publisher={Springer Berlin Heidelberg},
 author={Amati, Giambattista},
 pages={13-24},
 language={English}
}

@article{PRP,
 author = {Robertson, S. E.},
 title = {The Probability Ranking Principle in {IR}},
 journal = {Journal of Documentation},
 year = {1997},
 volume = {33},
 number = {4},
 pages = {294--304}
} 

@article {RSJ,
 author = {Robertson, S. E. and Jones, K. Sp\"{a}rck},
 title = {Relevance weighting of search terms},
 journal = {Journal of the American Society for Information Science},
 volume = {27},
 number = {3},
 publisher = {Wiley Subscription Services, Inc., A Wiley Company},
 issn = {1097-4571},
 url = {http://dx.doi.org/10.1002/asi.4630270302},
 doi = {10.1002/asi.4630270302},
 pages = {129--146},
 year = {1976}
}

@inproceedings{2Poisson,
 author = {Robertson, S. E. and Walker, S.},
 title = {Some Simple Effective Approximations to the 2-{P}oisson Model for Probabilistic Weighted Retrieval},
 booktitle = {Proceedings of the 17th Annual International ACM SIGIR Conference on Research and Development in Information Retrieval},
 series = {SIGIR '94},
 year = {1994},
 isbn = {0-387-19889-X},
 location = {Dublin, Ireland},
 pages = {232--241},
 numpages = {10},
 url = {http://dl.acm.org/citation.cfm?id=188490.188561},
 acmid = {188561},
 publisher = {Springer-Verlag New York, Inc.},
 address = {New York, NY, USA},
} 

@incollection{optNDCG, 
 author = {Hamed Valizadegan and Rong Jin and Ruofei Zhang and Jianchang Mao}, 
 publisher = {Curran Associates, Inc.},
 url = {http://papers.nips.cc/paper/3758-learning-to-rank-by-optimizing-ndcg-measure.pdf},
 booktitle = {Advances in Neural Information Processing Systems 22}, 
 title = {Learning to Rank by Optimizing {NDCG} Measure}, 
 editor = {Y. Bengio and D. Schuurmans and J. Lafferty and C. Williams and A. Culotta}, 
 year = {2009}, 
 pages = {1883--1891} 
}

@inproceedings{MeIn,
 author = {Voorhees, Ellen M.},
 title = {Measuring Ineffectiveness},
 booktitle = {Proceedings of the 27th Annual International ACM SIGIR Conference on Research and Development in Information Retrieval},
 series = {SIGIR '04},
 year = {2004},
 isbn = {1-58113-881-4},
 address = {Sheffield, United Kingdom},
 pages = {562--563},
 numpages = {2},
 url = {http://doi.acm.org/10.1145/1008992.1009121},
 doi = {10.1145/1008992.1009121},
 acmid = {1009121},
 publisher = {ACM},
 keywords = {evaluation, worst-case behavior}
} 

@inproceedings{biasPool,
 author = {Buckley, Chris and Dimmick, Darrin and Soboroff, Ian and Voorhees, Ellen},
 title = {Bias and the Limits of Pooling},
 booktitle = {Proceedings of the 29th Annual International ACM SIGIR Conference on Research and Development in Information Retrieval},
 series = {SIGIR '06},
 year = {2006},
 isbn = {1-59593-369-7},
 address = {Seattle, Washington, USA},
 pages = {619--620},
 numpages = {2},
 url = {http://doi.acm.org/10.1145/1148170.1148284},
 doi = {10.1145/1148170.1148284},
 acmid = {1148284},
 publisher = {ACM},
 keywords = {pooling, retrieval test collections}
} 

@inproceedings{Metzler,
 author = {Metzler, Donald and Kurland, Oren},
 title = {Experimental Methods for Information Retrieval},
 booktitle = {Proceedings of the 35th International ACM SIGIR Conference on Research and Development in Information Retrieval},
 series = {SIGIR '12},
 year = {2012},
 isbn = {978-1-4503-1472-5},
 address = {Portland, Oregon, USA},
 pages = {1185--1186},
 numpages = {2},
 url = {http://doi.acm.org/10.1145/2348283.2348534},
 doi = {10.1145/2348283.2348534},
 acmid = {2348534},
 publisher = {ACM},
 keywords = {evaluation, experimental methods, information retrieval}
} 

@article{sanderson,
 author = {Sanderson, Mark},
 title = {Test Collection Based Evaluation of Information Retrieval Systems},
 journal = {Foundations and Trends\textsuperscript{\textregistered} in Information Retrieval},
 volume = {4},
 number = {4},
 year = {2010},
 pages = {247--375},
 url = {http://dx.doi.org/10.1561/1500000009},
 doi = {10.1561/1500000009},
 publisher = {Now Publishers Inc.}
} 

@article{federated,
 author = {Shokouhi, Milad and Si, Luo},
 title = {Federated Search},
 journal = {Foundations and Trends\textsuperscript{\textregistered} in Information Retrieval},
 volume = {5},
 number = {1},
 year = {2011},
 pages = {1--102},
 url = {http://dx.doi.org/10.1561/1500000010},
 doi = {10.1561/1500000010},
 publisher = {Now Publishers Inc.}
} 

@inproceedings{statAP,
 author = {Carterette, Ben and Pavlu, Virgil and Kanoulas, Evangelos and Aslam, Javed A. and Allan, James},
 title = {Evaluation over Thousands of Queries},
 booktitle = {Proceedings of the 31st Annual International ACM SIGIR Conference on Research and Development in Information Retrieval},
 series = {SIGIR '08},
 year = {2008},
 isbn = {978-1-60558-164-4},
 address = {Singapore, Singapore},
 pages = {651--658},
 numpages = {8},
 url = {http://doi.acm.org/10.1145/1390334.1390445},
 doi = {10.1145/1390334.1390445},
 acmid = {1390445},
 publisher = {ACM},
 keywords = {evaluation, information retrieval, million query track, test collections},
} 

@misc{callan2009clueweb09,
 title={The {C}lue{W}eb09 Dataset},
 author={Callan, Jamie and Hoy, Mark and Yoo, Changkuk and Zhao, Le},
 year={2009},
 url = {http://boston.lti.cs.cmu.edu/classes/11-742/S10-TREC/TREC-Nov19-09.pdf}
}

@misc{cw12,
 title={The {L}emur Project And its {C}lue{W}eb12 Dataset},
 author={Callan, Jamie},
 year={2012},
 url = {http://opensearchlab.otago.ac.nz/SIGIR12-OSIR-callan.pdf}
}

@misc{google,
 title={Google Still Doing At Least 1 Trillion Searches Per Year},
 author={Danny Sullivan},
 year={2015},
 month={January},
 url = {http://searchengineland.com/google-1-trillion-searches-per-year-212940}
}

@book{ia,
 author = {Richard Saul Wurman},
 title = {Information Anxiety 2},
 year = {2000},
 edition = {2},
 month={December},
 publisher = {Que}
} 

@inproceedings{bm25f,
 author = {Robertson, Stephen and Zaragoza, Hugo and Taylor, Michael},
 title = {Simple {BM25} Extension to Multiple Weighted Fields},
 booktitle = {Proceedings of the Thirteenth ACM International Conference on Information and Knowledge Management},
 series = {CIKM '04},
 year = {2004},
 isbn = {1-58113-874-1},
 address = {Washington, D.C., USA},
 pages = {42--49},
 numpages = {8},
 url = {http://doi.acm.org/10.1145/1031171.1031181},
 doi = {10.1145/1031171.1031181},
 acmid = {1031181},
 publisher = {ACM}
} 

@article{LTR,
 url = {http://dx.doi.org/10.1561/1500000016},
 year = {2009},
 volume = {3},
 journal = {Foundations and Trends\textsuperscript{\textregistered} in Information Retrieval},
 title = {Learning to Rank for Information Retrieval},
 doi = {10.1561/1500000016},
 issn = {1554-0669},
 number = {3},
 pages = {225-331},
 author = {Tie-Yan Liu},
 publisher = {Now Publishers Inc.}
}

@article{WhensHows,
 author="Macdonald, Craig
 and Santos, Rodrygo L. T.
 and Ounis, Iadh",
 title="The whens and hows of learning to rank for web search",
 journal="Information Retrieval",
 year="2013",
 volume="16",
 number="5",
 pages="584--628",
 issn="1573-7659",
 doi="10.1007/s10791-012-9209-9",
 url="http://dx.doi.org/10.1007/s10791-012-9209-9"
}

@article{MulFeatures,
 author = {Macdonald, Craig and Santos, Rodrygo L.T. and Ounis, Iadh and He, Ben},
 title = {About Learning Models with Multiple Query-dependent Features},
 journal = {ACM Trans. Inf. Syst.},
 issue_date = {July 2013},
 volume = {31},
 number = {3},
 month = aug,
 year = {2013},
 issn = {1046-8188},
 pages = {11:1--11:39},
 articleno = {11},
 numpages = {39},
 url = {http://doi.acm.org/10.1145/2493175.2493176},
 doi = {10.1145/2493175.2493176},
 acmid = {2493176},
 publisher = {ACM},
 keywords = {Learning to rank, field-based weighting models, samples}
} 

@article{87LTR,
 title = "A cross-benchmark comparison of 87 learning to rank methods ",
 journal = "Information Processing \& Management ",
 volume = "51",
 number = "6",
 pages = "757 - 772",
 year = "2015",
 issn = "0306-4573",
 doi = "http://dx.doi.org/10.1016/j.ipm.2015.07.002",
 url = "http://www.sciencedirect.com/science/article/pii/S0306457315000862",
 author = "Niek Tax and Sander Bockting and Djoerd Hiemstra"
}

@article{arlot2010,
 author = "Arlot, Sylvain and Celisse, Alain",
 doi = "10.1214/09-SS054",
 journal = "Statistics Surveys",
 pages = "40--79",
 publisher = "The American Statistical Association, the Bernoulli Society, the Institute of Mathematical Statistics, and the Statistical Society of Canada",
 title = "A survey of cross-validation procedures for model selection",
 url = "http://dx.doi.org/10.1214/09-SS054",
 volume = "4",
 year = "2010"
}

@article{bigot2015learning,
  title={Learning to Choose the Best System Configuration in Information Retrieval: the Case of Repeated Queries},
  author={Bigot, Anthony and D{\'e}jean, S{\'e}bastien and Mothe, Josiane},
  journal={Journal of Universal Computer Science},
  volume={21},
  number={13},
  pages={1726--1745},
  year={2015},
  url={http://www.jucs.org/jucs_21_13/learning_to_choose_the/jucs_21_13_1726_1745_bigot.pdf}
}

@incollection{semi,
 author="Metzler, Donald and Zaragoza, Hugo",
 title="Semi-parametric and Non-parametric Term Weighting for Information Retrieval",
 bookTitle="Advances in Information Retrieval Theory: Second International Conference on the Theory of Information Retrieval, ICTIR 2009 Cambridge, UK, September 10-12, 2009 Proceedings",
 year="2009",
 publisher="Springer Berlin Heidelberg",
 address="Berlin, Heidelberg",
 pages="42--53",
 isbn="978-3-642-04417-5",
 doi="10.1007/978-3-642-04417-5_5",
 url="http://dx.doi.org/10.1007/978-3-642-04417-5_5"
}
